% This file was created with JabRef 2.10b2.
% Encoding: UTF-8

@article{monotonicidadedeclividade,
author = {Aguiar, Marilton and Rocha Costa, Antônio Carlos},
year = {2001},
month = {01},
pages = {},
title = {Autômatos celulares para análise da monotonicidade da declividade de áreas geológicas}
}

@Book{wolfram1984a,
  Title                    = {Universality and Complexity in Cellular Automata},
  Author                   = {Wolfram,  S.},
  Publisher                = {Westview Press},
  Year                     = {1994},
  Address                  = {6000 Broken Sound Parkway NW, Suite 300},
  Edition                  = {1},
}

@article{reconhecimentolinguagem,
  title={Real-time language recognition by one-dimensional cellular automata},
  Author                   = { Smith,III A.R.},
  journal={ Journal of Computer and System Sciences},
  volume={6},
  number={1},
  year={1972},
  publisher={ Journal of Computer and System Sciences}
}   

@article{acsaspectosdimanicosecomputacionais,
  title={Autômatos Celulares: aspectos dinâmicos e computacionais},
  Author                   = {Oliveira, G. M. B. },
  journal={ III Jornada de Mini-cursos em
Inteligência Artificial},
  volume={1},
  number={8},
  pages={297--345},
  year={2003},
  publisher={Sociedade Brasileira de Computação}
} 


@article{smallworld,
  title={Collective dynamics of ‘small-world’ networks},
  Author                   = {Watts, D., Strogatz, S.},
  journal={ Nature 393},
  volume={29},
  number={4},
  year={1998},
  publisher={SciELO Analytics}
}  


@article{incendiosflorestais,
  title={Avaliação de modelo probabilístico de propagação de incêndios florestais utilizando autômatos celulares aplicado a pequenas áreas},
  Author                   = {Everton dos Santos,Luiz Felipe Ramos Turci,Rodolfo Maduro Almeida},
  journal={ Ciencia Florestal},
  volume={29},
  number={4},
  year={2019},
  publisher={SciELO Analytics}
}   
@article{hevertonAutomatoRede,
author = {Macêdo, Heverton and Oliveira, Gina and Ribeiro, Carlos},
year = {2015},
month = {07},
pages = {},
title = {A Comparative Study between the Dynamic Behaviours of Standard Cellular Automata and Network Cellular Automata Applied to Cryptography},
volume = {31},
journal = {International Journal of Intelligent Systems},
doi = {10.1002/int.21751}
}

@MastersThesis{hevertonnewcryptography,
  Title                    = {A new cryptography method based on the pre-image calculus of chaotic, non-homogeneous and non-additive cellular automata},
  Author                   =  {MACÊDO, Heverton Barros de. A},
  School                   = {Universidade Federal de Uberlândia},
  Year                     = {2007},

  Address                  = {Belo Horizonte},
  Type                     = {Mestrado em Ciências Exatas e da Terra},

  Key                      = {Autômato celular,
Criptografia,
Cálculo de pré-imagem,
Sistema dinâmico,
Cellular automata,
cryptography,
preimage calculus,
dynamical system,
Inteligência artificial,
Criptografia},

  Year-presented           = {2007}
}



@article{celularautomataimage,
  title={Cellular Automata for Elementary Image Enhancement},
  Author                   = {Hernandez, G. e Herrmann, J.H.},
  journal={ Graphical Models and Image Processing},
  volume={1},
  number={1},
  year={1996},
  publisher={ScienceDirect}
}



@article{imageforgery,
  title={Image forgery detection in contourlet transform domain based on new chaotic cellular automata},
  Author                   = {Barani, M. J., Ayubi, P., Jalili, F., Valandar, M. Y., and Azariyun, E.},
  journal={ Security Comm. Networks},
  volume={1},
  number={1},
  year={2015},
  publisher={Wiley Online Library}
}


@article{wolframtheoryandapplications,
  title={Theory and Applications of Cellular Automata},
  Author                   = {Wolfram,  S.},
  journal={ World Scientific},
  volume={1},
  number={1},
  year={1986},
  publisher={Elsevier}
}

@article{kim2003financial,
  title={Financial time series forecasting using support vector machines},
  author={Kim, Kyoung-jae},
  journal={Neurocomputing},
  volume={55},
  number={1-2},
  pages={307--319},
  year={2003},
  publisher={Elsevier}
}


@article{costa2013mineraccao,
  title={Minera{\c{c}}{\~a}o de dados educacionais: conceitos, t{\'e}cnicas, ferramentas e aplica{\c{c}}{\~o}es},
  author={Costa, Evandro and Baker, Ryan SJd and Amorim, Lucas and Magalh{\~a}es, Jonathas and Marinho, Tarsis},
  journal={Jornada de Atualiza{\c{c}}{\~a}o em Inform{\'a}tica na Educa{\c{c}}{\~a}o},
  volume={1},
  number={1},
  pages={1--29},
  year={2013}
}


@article{borkar2013predicting,
  title={Predicting students academic performance using education data mining},
  author={Borkar, Suchita and Rajeswari, K},
  journal={International Journal of Computer Science and Mobile Computing},
  volume={2},
  number={7},
  pages={273--279},
  year={2013}
}


@inproceedings{siemens2012learning,
  title={Learning analytics and educational data mining: towards communication and collaboration},
  author={Siemens, George and d Baker, Ryan SJ},
  booktitle={Proceedings of the 2nd international conference on learning analytics and knowledge},
  pages={252--254},
  year={2012},
  organization={ACM}
}

@article{baradwaj2012mining,
  title={Mining educational data to analyze students' performance},
  author={Baradwaj, Brijesh Kumar and Pal, Saurabh},
  journal={arXiv preprint arXiv:1201.3417},
  year={2012}
}
@article{baker2010data,
  title={Data mining for education},
  author={Baker, RSJD and others},
  journal={International encyclopedia of education},
  volume={7},
  number={3},
  pages={112--118},
  year={2010},
  publisher={Oxford, UK: Elsevier}
}
@article{ahmed2014data,
  title={Data Mining: A prediction for Student's Performance Using Classification Method},
  author={Ahmed, Abeer Badr El Din and Elaraby, Ibrahim Sayed},
  journal={World Journal of Computer Application and Technology},
  volume={2},
  number={2},
  pages={43--47},
  year={2014},
  publisher={Horizon Research Publishing}
}
@article{baepler2010academic,
  title={Academic analytics and data mining in higher education},
  author={Baepler, Paul and Murdoch, Cynthia James},
  journal={International Journal for the Scholarship of Teaching and Learning},
  volume={4},
  number={2},
  pages={17},
  year={2010}
}
@article{kalmegh2015analysis,
  title={Analysis of WEKA data mining algorithm REPTree, Simple CART and RandomTree for classification of Indian news},
  author={Kalmegh, Sushilkumar},
  journal={Int. J. Innov. Sci. Eng. Technol},
  volume={2},
  number={2},
  pages={438--446},
  year={2015}
}
@article{sin2015application,
  title={APPLICATION OF BIG DATA IN EDUCATION DATA MINING AND LEARNING ANALYTICS--A LITERATURE REVIEW.},
  author={Sin, Katrina and Muthu, Loganathan},
  journal={ICTACT Journal on soft computing},
  volume={5},
  number={4},
  year={2015}
}
@article{romero2013data,
  title={Data mining in education},
  author={Romero, Cristobal and Ventura, Sebastian},
  journal={Wiley Interdisciplinary Reviews: Data Mining and Knowledge Discovery},
  volume={3},
  number={1},
  pages={12--27},
  year={2013},
  publisher={Wiley Online Library}
}
@article{parzen1962estimation,
  title={On estimation of a probability density function and mode},
  author={Parzen, Emanuel},
  journal={The annals of mathematical statistics},
  volume={33},
  number={3},
  pages={1065--1076},
  year={1962},
  publisher={JSTOR}
}
@incollection{chainani2018disease,
  title={Disease Inference from Health-Related Questions via Fuzzy Expert System},
  author={Chainani, Ajay P and Chikne, Santosh S and Doshi, Nikunj D and Karel, Asim Z and Therese, Shanthi S},
  booktitle={Information and Communication Technology for Sustainable Development},
  pages={91--102},
  year={2018},
  publisher={Springer}
}
@article{osmanbegovic2012data,
  title={Data mining approach for predicting student performance},
  author={Osmanbegovi{\'c}, Edin and Sulji{\'c}, Mirza},
  journal={Economic Review},
  volume={10},
  number={1},
  pages={3--12},
  year={2012}
}
@article{gomes2008proposta,
  title={Uma proposta para ajudar alunos com dificuldades na aprendizagem inicial de programa{\c{c}}{\~a}o de computadores},
  author={Gomes, Anabela and Henriques, Joana and Mendes, Ant{\'o}nio},
  journal={Educa{\c{c}}{\~a}o, Forma{\c{c}}{\~a}o \& Tecnologias-ISSN 1646-933X},
  volume={1},
  number={1},
  pages={93--103},
  year={2008}
}

@inproceedings{junior2005ensino,
  title={Ensino de algoritmos e programa{\c{c}}{\~a}o: uma experi{\^e}ncia no n{\'\i}vel m{\'e}dio},
  author={J{\'u}nior, JCRP and Rapkiewicz, Clevi Elena and Delgado, Carla and Xexeo, Jos{\'e} Antonio Moreira},
  booktitle={XIII Workshop de Educa{\c{c}}{\~a}o em Computa{\c{c}}{\~a}o (WEI’2005). S{\~a}o Leopoldo, RS, Brasil},
  year={2005}
}
@article{doslinguagem,
  title={LINGUAGEM DE PROGRAMA{\c{C}}{\~A}O: EVAS{\~A}O E REPROVA{\c{C}}{\~A}O NO INSTITUTO FEDERAL CATARINENSE, CAMPUS AVAN{\c{C}}ADO SOMBRIO},
  author={dos Santos Fernandes, Vin{\'\i}cius and Junior, Vanderlei Freitas},
  year={2016}
}
@inproceedings{manhaes2011previsao,
  title={Previs{\~a}o de estudantes com risco de evas{\~a}o utilizando t{\'e}cnicas de minera{\c{c}}{\~a}o de dados},
  author={Manh{\~a}es, Laci Mary Barbosa and Da Cruz, S{\'e}rgio Manuel Serra and Costa, Raimundo J Mac{\'a}rio and Zavaleta, Jorge and Zimbr{\~a}o, Geraldo},
  booktitle={Brazilian Symposium on Computers in Education (Simp{\'o}sio Brasileiro de Inform{\'a}tica na Educa{\c{c}}{\~a}o-SBIE)},
  volume={1},
  number={1},
  year={2011}
}



@Manual{abnTeX22014b,
  Title                    = {A classe abntex2},
  Author                   = {abnTeX2 and Lauro C\'{e}sar Araujo},
  Organization             = {Equipe abnTeX2},
  Year                     = {2014},

  Bdsk-url-1               = {http://code.google.com/p/abntex2/wiki/Download},
  Pages                    = {46},
  Subtitle                 = {Documentos t\'{e}cnicos e cient\'{i}ficos brasileiros compat\'{i}veis com as normas ABNT},
  Timestamp                = {2014.09.27},
  Url                      = {http://abntex2.googlecode.com/},
  Urlaccessdate            = {12 de setembro de 2014}
}

@Manual{abnTeX22014d,
  Title                    = {O pacote abntex2cite},
  Author                   = {abnTeX2 and Lauro C\{\textquoteright}{e}sar Araujo},
  Organization             = {Equipe abnTeX2},
  Year                     = {2014},

  Bdsk-url-1               = {http://code.google.com/p/abntex2/wiki/Download},
  Pages                    = {91},
  Subtitle                 = {Estilos bibliogr\'{a}ficos compat\'{i}veis com a ABNT NBR 6023},
  Timestamp                = {2014.09.27},
  Url                      = {http://abntex2.googlecode.com/},
  Urlaccessdate            = {12 de setembro de 2014}
}

@Manual{abnTeX22014c,
  Title                    = {O pacote abntex2cite},
  Author                   = { Lauro C\'{e}sar Araujo and abnTeX2 },
  Organization             = {Equipe abnTeX2},
  Year                     = {2014},

  Bdsk-url-1               = {http://code.google.com/p/abntex2/wiki/Download},
  Pages                    = {23},
  Subtitle                 = {T\'{o}picos espec\'{i}ficos da ABNT NBR 10520:2002 e o estilo bibliogr\'{a}fico alfab\'{e}tico (sistema autor-data)},
  Timestamp                = {2014.09.27},
  Url                      = {http://abntex2.googlecode.com/},
  Urlaccessdate            = {12 de setembro de 2014}
}

@Book{Barbosa2004,
  Title                    = {Testando a utiliza{\c c}\~ao de ``et al.''},
  Author                   = {Carlos Barbosa and {Maria da} Silva Cardoso and {Tenitos da} Silva and Carminda Soares},
  Publisher                = {Editora},
  Year                     = {2004},

  Address                  = {Cidade},
  Edition                  = {2},

  Page                     = {5},
  Timestamp                = {2014.09.24}
}

@Misc{BibTeX2014,
  Title                    = {BibTeX.org},

  Author                   = {BibTeX},
  Year                     = {2014},

  Timestamp                = {2014.09.27},
  Url                      = {http://www.bibtex.org},
  Urlaccessdate            = {31 de julho de 2014}
}

@Book{Buerger1989,
  Title                    = {LaTeX for scientists and engineers},
  Author                   = {Buerger, David John},
  Publisher                = {McGraw-Hill},
  Year                     = {1989},

  Address                  = {Singapura},

  Timestamp                = {2014.09.27}
}

@Article{Carvalho2001,
  Title                    = {Intelig{\^e}ncia competitiva numa vis\~ao de futuro},
  Author                   = {Cl\{\textquoteright}{a}udia Carvalho and Jos\'{e} Fajardo and Joaquim Cruz},
  Journal                  = {DataGramaZero - Revista da Ci{\^e}ncia da Informa{\c c}\~ao},
  Year                     = {2001},
  Number                   = {3},
  Pages                    = {12--16},
  Volume                   = {2},

  Mounth                   = {junho},
  Subtitle                 = {proposta metodol\'{o}gica},
  Timestamp                = {2014.09.27}
}

@Book{Goossens2007,
  Title                    = {The LaTeX graphics companion},
  Author                   = {Goossens, Michel and Mittelbach, Frank and Rahtz, Sebastian and Roegel, Denis and Voss, Herbert},
  Publisher                = {Addison-Wesley},
  Year                     = {2007},

  Address                  = {Boston},
  Edition                  = {2},

  Timestamp                = {2014.09.27}
}

@Misc{IRL2014,
  Title                    = {Internet Research Laboratory},

  Author                   = {IRL},
  Year                     = {2014},

  Key                      = {IRL},
  Timestamp                = {2014.09.24},
  Url                      = {http://irl.cs.ucla.edu/topology},
  Urlaccessdate            = {8 de mar{\c c}o de 2014}
}

@Book{Kopka2003,
  Title                    = {Guide to LaTeX},
  Author                   = {Kopka, Helmut and Daly, Patrick W.},
  Publisher                = {Addison-Wesley},
  Year                     = {2003},
  Address                  = {Boston},
  Edition                  = {4},
  Timestamp                = {2014.09.27}
}

@Book{Lamport1986,
  Title                    = {LaTeX: a document preparation system},
  Author                   = {Lamport, Leslie},
  Publisher                = {Addison-Wesley},
  Year                     = {1986},

  Address                  = {Boston},

  Timestamp                = {2014.09.27}
}

@Misc{LaTeX2014,
  Title                    = {The LaTeX project},

  Author                   = {LaTeX},
  Year                     = {2014},

  Timestamp                = {2014.09.27},
  Url                      = {http://www.latex-project.org},
  Urlaccessdate            = {31 de julho de 2014}
}

@Book{Maturana2003,
  Title                    = {A \'{A}rvore do Conhecimento},
  Author                   = {Humberto R. Maturana and Francisco J. Varela},
  Publisher                = {Editora Palas Athena},
  Year                     = {2003},

  Address                  = {S\~ao Paulo},
  Edition                  = {3},

  Page                     = {283},
  Subtitle                 = {as bases biol\'{o}gicas da compreens\~{a}o humana},
  Timestamp                = {2014.09.27}
}

@Book{Mittelbach2004,
  Title                    = {The LaTeX companion},
  Author                   = {Mittelbach, Frank and Goossens, Michel and Braams, Johannes and Carlisle, David and Rowley, Chris},
  Publisher                = {Addison-Wesley},
  Year                     = {2004},

  Address                  = {Boston},
  Edition                  = {2},

  Timestamp                = {2014.09.27}
}

@PhdThesis{Neubert2001,
  Title                    = {Algoritmos Distribu\'{i}dos para a Constru{\c c}\~ao de Arquivos Invertidos},
  Author                   = {Marden Silveira Neubert},
  School                   = {Departamento de Computa{\c c}\~ao, Universidade Federal de Minas Gerais},
  Year                     = {2001},

  Address                  = {Belo Horizonte},
  Type                     = {Doutorado em Ci{\^e}ncia da Computa{\c c}\~ao},

  Pagename                 = {f.},
  Pages                    = {145},
  Timestamp                = {2014.09.26},
  Year-presented           = {Mar{\c c}o 2001}
}

@MastersThesis{Santos2003,
  Title                    = {Aspectos Conceituais e Arquiteturais para a Cria{\c c}\~ao de Linhagens de Agentes de Software Cognitivos e Situados},
  Author                   = {Bruno Andr\'{e} Santos},
  School                   = {Centro Federal de Educa{\c c}\~ao Tecnol\'{o}gica de Minas Gerais},
  Year                     = {2003},

  Address                  = {Belo Horizonte},
  Type                     = {Mestrado em Tecnologia -- Nome da \'{a}rea de concentra{\c c}\~ao},

  Key                      = {intelig{\^e}ncia artificial, agentes inteligentes, cogni{\c c}\~ao situada},
  Pagename                 = {f.},
  Pages                    = {130},
  Timestamp                = {2014.09.26},
  Year-presented           = {Junho 2003}
}

@Book{Silva2000,
  Title                    = {A Intelig{\^e}ncia da Complexidade},
  Author                   = {Silva, Joaquim and Souza, Jo\~ao {Luiz de}},
  Publisher                = {Editora Petr\'{o}polis},
  Year                     = {2000},

  Address                  = {S\~ao Paulo},

  Timestamp                = {2014.09.24}
}

@MastersThesis{Souza2012,
  Title                    = {Recupera{\c c}\~ao de V\'{i}deos Baseada em Conte\'{u}do em um Sistema de Informa{\c c}\~ao para Apoio \`{a} An\'{a}lise do Discurso Televisivo},
  Author                   = {Celso {Luiz de} Souza},
  School                   = {Centro Federal de Educa{\c c}\~ao Tecnol\'{o}gica de Minas Gerais},
  Year                     = {2012},

  Address                  = {Belo Horizonte},
  Type                     = {Mestrado em Modelagem Matem\'{a}tica e Computacional -- Sistemas Inteligentes},

  Pagename                 = {f.},
  Pages                    = {130},
  Timestamp                = {2014.09.26},
  Year-presented           = {Outubro 2011}
}

@Article{vanGELDER1998,
  Title                    = {Disentangling Dynamics, Computation and Cognition},
  Author                   = {Tim {van GELDER}},
  Journal                  = {Behavioral and Brain Sciences},
  Year                     = {1998},
  Pages                    = {40--47},
  Volume                   = {21},

  Key                      = {cognitive science, digital computer, dynamical hypothesis, dynamical system},
  Timestamp                = {2014.09.26}
}

@Manual{NBR14724:2011,
  Title                    = {{ABNT NBR} 14724},

  Address                  = {Rio de Janeiro},
  Month                    = mar,
  Organization             = {Associa{\c c}\~ao Brasileira de Normas T\'ecnicas},
  Year                     = {2011},

  Org-short                = {ABNT},
  Pages                    = {11},
  Subtitle                 = {Informa{\c c}\~ao e documenta{\c c}\~ao --- Trabalhos acad\^emicos --- Apresenta{\c c}\~ao},
  Timestamp                = {2014.09.27}
}

@Manual{NBR15287:2005,
  Title                    = {{ABNT NBR} 15287},

  Address                  = {Rio de Janeiro},
  Month                    = {dez.},
  Organization             = {Associa{\c c}\~ao Brasileira de Normas T\'ecnicas},
  Year                     = {2005},

  Org-short                = {ABNT},
  Pages                    = {6},
  Subtitle                 = {Informa{\c c}\~ao e documenta{\c c}\~ao --- Projeto de pesquisa --- Apresenta{\c c}\~ao},
  Timestamp                = {2014.09.27}
}

@Manual{NBR10520:2002,
  Title                    = {{NBR} 10520},

  Address                  = {Rio de Janeiro},
  Month                    = {ago.},
  Organization             = {Associa{\c c}\~ao Brasileira de Normas T\'ecnicas},
  Year                     = {2002},

  Org-short                = {ABNT},
  Pages                    = {7},
  Subtitle                 = {Informa{\c c}\~ao e documenta{\c c}\~ao --- Cita{\c c}\~oes em documentos --- Apresenta{\c c}\~ao},
  Timestamp                = {2014.09.27}
}

@Manual{NBR6023:2002,
  Title                    = {{NBR} 6023},

  Address                  = {Rio de Janeiro},
  Month                    = {ago.},
  Organization             = {Associa{\c c}\~ao Brasileira de Normas T\'ecnicas},
  Year                     = {2002},

  Org-short                = {ABNT},
  Pages                    = {24},
  Subtitle                 = {Informa{\c c}\~ao e documenta{\c c}\~ao --- Refer\^encias --- Elabora{\c c}\~ao},
  Timestamp                = {2014.09.27}
}

@book{goossens1994,
  title={{The LATEX companion}},
  author={Goossens, M. and Mittelbach, F. and Samarin, A.},
  year={1994},
  publisher={Addison-Wesley}
}

@book{lamport1994,
  title={{La T E X: A Document Preparation System}},
  author={Lamport, L. and others},
  year={1994},
  publisher={Addison-Wesley, Reading, Massachusetts,}
}

@inbook{exemplo,
address={S\~A Paulo},
booktitle={Entendendo o meio ambiente},
organization={São Paulo {(Estado). Secretaria do Meio Ambiente}},
title={Tratados e organizações ambientais em matéria de meio
ambiente},
url={http://www.bdt.org.br/sma/entendendo/atual.htm},
urlaccessdate={8 mar. 1999},
volume={1},
year={1999}}

@phdthesis { naidsontese2017, 
  author     =  "Ferreira, N. C. S.", 
  title      =  "Programa de Formação em Informática para Professores no Atendimento de Alunos com Deficiência Visual" ,
  pages	     =  "281", 
  school     =  "Programa de Pós-graduação em Educação Especial - Universidade Federal de São Carlos (UFSCar)" , 
  type       =  "Doutorado", 
  address    =  "São Carlos, SP", 
  year       =  "2017", 
  month      =  "Março", 
  note       =  "", 
}

@mastersthesis { naidsondissertacao2009, 
  author     =  "Ferreira, N. C. S.", 
  title      =  "A Informática como ferramenta no Processo de Ensino Aprendizagemda Escola Agrotécnica Federal Antônio José Teixeira" ,
  pages	     =  "75", 
  school     =  "Programa de Pós-graduação em Educação Agrícola - Universidade Federal Rural do Rio de Janeiro (UFRRJ)" , 
  type      =  "Mestrado", 
  address   =  "Seropédica, RJ", 
  year       =  "2009", 
  month     =  "Julho", 
  note      =  "", 
}
